19111234567890’∞Ω¿≤Ÿ◊Œﬁ◊ƒÿ∞(∂                         1010                                                              
20005               798                   11234567¿≈∂ ¿€≥                       00001980001123456789012345678900        
20006               123                   27654321‘œ¿ﬁ  ≈∫                      00000720001098765432109876543210        
8123456123456789012000000000000000000000000000000000000                                                                 
9                                                                                                                       
