19111234567890ﾕｰｽﾀｲﾙﾗﾎﾞﾗﾄﾘｰ(ｶ                         1010                                                              
20005               798                   11234567ﾀﾅｶ ﾀﾛｳ                       00001980001123456789012345678900        
20006               123                   27654321ﾔﾏﾀﾞ ﾊﾅｺ                      00000720001098765432109876543210        
8123456123456789012000000000000000000000000000000000000                                                                 
9                                                                                                                       